<record><leader>00000cas a22000007a 4500</leader><controlfield tag="001">12720345</controlfield><controlfield tag="007">hd afb---buuu</controlfield><controlfield tag="008">851025u196uuuuucaumr n a     0    0spa d</controlfield><datafield ind1=" " ind2=" " tag="010"><subfield code="a">sn 85022357 </subfield></datafield><datafield ind1=" " ind2=" " tag="040"><subfield code="a">IUL</subfield><subfield code="b">eng</subfield><subfield code="c">IUL</subfield><subfield code="d">OCL</subfield><subfield code="d">IXA</subfield><subfield code="d">DLC</subfield><subfield code="d">OCLCQ</subfield><subfield code="d">OCLCF</subfield><subfield code="d">OCLCO</subfield></datafield><datafield ind1=" " ind2=" " tag="012"><subfield code="i">8510</subfield></datafield><datafield ind1="1" ind2=" " tag="029"><subfield code="a">AU@</subfield><subfield code="b">000041161454</subfield></datafield><datafield ind1="0" ind2=" " tag="041"><subfield code="a">spaeng</subfield></datafield><datafield ind1=" " ind2=" " tag="042"><subfield code="a">lccopycat</subfield></datafield><datafield ind1=" " ind2=" " tag="043"><subfield code="a">n-us---</subfield></datafield><datafield ind1="0" ind2="0" tag="050"><subfield code="a">Microfilm (o) 2006/47</subfield></datafield><datafield ind1="0" ind2="3" tag="245"><subfield code="a">El Yaqui</subfield><subfield code="h">[microform].</subfield></datafield><datafield ind1=" " ind2=" " tag="260"><subfield code="a">Houston, Tex. :</subfield><subfield code="b">El Yaqui</subfield></datafield><datafield ind1=" " ind2=" " tag="300"><subfield code="a">v. :</subfield><subfield code="b">ill.</subfield></datafield><datafield ind1=" " ind2=" " tag="310"><subfield code="a">Monthly</subfield></datafield><datafield ind1=" " ind2=" " tag="546"><subfield code="a">Spanish and English.</subfield></datafield><datafield ind1=" " ind2=" " tag="580"><subfield code="a">Issued jointly with: Compass (Houston, Tex.), Apr. 1970-&lt;May 1970&gt;</subfield></datafield><datafield ind1=" " ind2=" " tag="588"><subfield code="a">Description based on: An&#771;o 2, (feb. 1970); title from caption.</subfield></datafield><datafield ind1=" " ind2=" " tag="588"><subfield code="a">Latest issue consulted: Mayo 1970.</subfield></datafield><datafield ind1=" " ind2=" " tag="533"><subfield code="a">Microfilm.</subfield><subfield code="b">Palo Alto, Calif. :</subfield><subfield code="c">Bay Microfilm, Inc.,</subfield><subfield code="e">1 microfilm reel ; 35 mm.</subfield></datafield><datafield ind1=" " ind2="0" tag="650"><subfield code="a">Mexican Americans</subfield><subfield code="v">Periodicals.</subfield></datafield><datafield ind1=" " ind2="7" tag="655"><subfield code="a">Periodicals.</subfield><subfield code="2">fast</subfield><subfield code="0">(OCoLC)fst01411641</subfield></datafield><datafield ind1=" " ind2="7" tag="650"><subfield code="a">Mexican Americans.</subfield><subfield code="2">fast</subfield><subfield code="0">(OCoLC)fst01019072</subfield></datafield><datafield ind1="1" ind2=" " tag="776"><subfield code="c">Original</subfield><subfield code="w">(DLC)  2004240585</subfield><subfield code="w">(OCoLC)43583616</subfield></datafield><datafield ind1="1" ind2=" " tag="777"><subfield code="t">Compass (Houston, Tex.)</subfield><subfield code="w">(OCoLC)12720330</subfield></datafield><datafield ind1=" " ind2=" " tag="850"><subfield code="a">DLC</subfield><subfield code="a">InU</subfield></datafield></record>